@article{kang2017noscope,
  title={Noscope: optimizing neural network queries over video at scale},
  author={Kang, Daniel and Emmons, John and Abuzaid, Firas and Bailis, Peter and Zaharia, Matei},
  journal={Proceedings of the VLDB Endowment},
  volume={10},
  number={11},
  pages={1586--1597},
  year={2017},
  publisher={VLDB Endowment}
}
@article{kang2018blazeit,
  author    = {Daniel Kang and
               Peter Bailis and
               Matei Zaharia},
  title     = {BlazeIt: Fast Exploratory Video Queries using Neural Networks},
  journal   = {CoRR},
  volume    = {abs/1805.01046},
  year      = {2018},
  url       = {http://arxiv.org/abs/1805.01046},
  archivePrefix = {arXiv},
  eprint    = {1805.01046},
  timestamp = {Mon, 13 Aug 2018 16:47:32 +0200},
  biburl    = {https://dblp.org/rec/bib/journals/corr/abs-1805-01046},
  bibsource = {dblp computer science bibliography, https://dblp.org}
}
@article{hinton2015distilling,
  author    = {Geoffrey E. Hinton and
               Oriol Vinyals and
               Jeffrey Dean},
  title     = {Distilling the Knowledge in a Neural Network},
  journal   = {CoRR},
  volume    = {abs/1503.02531},
  year      = {2015},
  url       = {http://arxiv.org/abs/1503.02531},
  archivePrefix = {arXiv},
  eprint    = {1503.02531},
  timestamp = {Mon, 13 Aug 2018 16:48:36 +0200},
  biburl    = {https://dblp.org/rec/bib/journals/corr/HintonVD15},
  bibsource = {dblp computer science bibliography, https://dblp.org}
}
@inproceedings{gkioxari2018detecting,
  title={Detecting and recognizing human-object interactions},
  author={Gkioxari, Georgia and Girshick, Ross and Doll{\'a}r, Piotr and He, Kaiming},
  booktitle={Proceedings of the IEEE Conference on Computer Vision and Pattern Recognition},
  pages={8359--8367},
  year={2018}
}
@InProceedings{redmon2017yolo9000,
  author = {Redmon, Joseph and Farhadi, Ali},
  title = {YOLO9000: Better, Faster, Stronger},
  booktitle = {The IEEE Conference on Computer Vision and Pattern Recognition (CVPR)},
  month = {July},
  year = {2017}
}


@article{Linhart2008,
Author="J. M. Linhart",
Title="Algorithm 885: Computing the logarithm of the normal distribution.",
Journal="ACM Transactions on Mathematical Software",
Pages="Article 20",
Volume=35,
Year=2008
}

@inproceedings{Xarchakos2019,
 author = {Xarchakos, Ioannis and Koudas, Nick},
 title = {SVQ: Streaming Video Queries},
 booktitle = {Proceedings of the 2019 International Conference on Management of Data},
 series = {SIGMOD '19},
 year = {2019},
 isbn = {978-1-4503-5643-5},
 location = {Amsterdam, Netherlands},
 pages = {2013--2016},
 numpages = {4},
 url = {http://doi.acm.org/10.1145/3299869.3320230},
 doi = {10.1145/3299869.3320230},
 acmid = {3320230},
 publisher = {ACM},
 address = {New York, NY, USA},
 keywords = {declarative queries on real time video, sql queries on streaming video, video analytics, video queries, video query processing, video stream query processing},
} 

@INPROCEEDINGS{8237584He2017, 
author={K. {He} and G. {Gkioxari} and P. {Doll√°r} and R. {Girshick}}, 
booktitle={2017 IEEE International Conference on Computer Vision (ICCV)}, 
title={Mask R-CNN}, 
year={2017}, 
volume={}, 
number={}, 
pages={2980-2988}, 
keywords={feature extraction;image segmentation;object detection;pose estimation;conceptually simple framework;bounding-box object detection;object mask;Faster R-CNN;called Mask R-CNN;high-quality segmentation mask;object instance segmentation;Feature extraction;Image segmentation;Object detection;Semantics;Quantization (signal);Robustness}, 
doi={10.1109/ICCV.2017.322}, 
ISSN={}, 
month={Oct},}

@inproceedings{girshick2015fast,
  title={Fast r-cnn},
  author={Girshick, Ross},
  booktitle={Proceedings of the IEEE international conference on computer vision},
  pages={1440--1448},
  year={2015}
}

@inproceedings{girshick2014rich,
  title={Rich feature hierarchies for accurate object detection and semantic segmentation},
  author={Girshick, Ross and Donahue, Jeff and Darrell, Trevor and Malik, Jitendra},
  booktitle={Proceedings of the IEEE conference on computer vision and pattern recognition},
  pages={580--587},
  year={2014}
}
@inproceedings{krizhevsky2012imagenet,
  title={Imagenet classification with deep convolutional neural networks},
  author={Krizhevsky, Alex and Sutskever, Ilya and Hinton, Geoffrey E},
  booktitle={Advances in neural information processing systems},
  pages={1097--1105},
  year={2012}
}
@inproceedings{simonyan2014very,
  author    = {Karen Simonyan and
               Andrew Zisserman},
  title     = {Very Deep Convolutional Networks for Large-Scale Image Recognition},
  booktitle = {3rd International Conference on Learning Representations, {ICLR} 2015,
               San Diego, CA, USA, May 7-9, 2015, Conference Track Proceedings},
  year      = {2015},
  crossref  = {DBLP:conf/iclr/2015},
  url       = {http://arxiv.org/abs/1409.1556},
  timestamp = {Wed, 17 Jul 2019 10:40:54 +0200},
  biburl    = {https://dblp.org/rec/bib/journals/corr/SimonyanZ14a},
  bibsource = {dblp computer science bibliography, https://dblp.org}
}
@article{koudas2020video,
  title={Video Monitoring Queries},
  author={Koudas, Nick and Li, Raymond and Xarchakos, Ioannis},
  journal={Proceedings of IEEE ICDE},
  year={2020}
}

@article{kay2017kinetics,
  author    = {Will Kay and
               Jo{\~{a}}o Carreira and
               Karen Simonyan and
               Brian Zhang and
               Chloe Hillier and
               Sudheendra Vijayanarasimhan and
               Fabio Viola and
               Tim Green and
               Trevor Back and
               Paul Natsev and
               Mustafa Suleyman and
               Andrew Zisserman},
  title     = {The Kinetics Human Action Video Dataset},
  journal   = {CoRR},
  volume    = {abs/1705.06950},
  year      = {2017},
  url       = {http://arxiv.org/abs/1705.06950},
  archivePrefix = {arXiv},
  eprint    = {1705.06950},
  timestamp = {Mon, 13 Aug 2018 16:46:23 +0200},
  biburl    = {https://dblp.org/rec/bib/journals/corr/KayCSZHVVGBNSZ17},
  bibsource = {dblp computer science bibliography, https://dblp.org}
}
@article{carreira2018short,
  author    = {Jo{\~{a}}o Carreira and
               Eric Noland and
               Andras Banki{-}Horvath and
               Chloe Hillier and
               Andrew Zisserman},
  title     = {A Short Note about Kinetics-600},
  journal   = {CoRR},
  volume    = {abs/1808.01340},
  year      = {2018},
  url       = {http://arxiv.org/abs/1808.01340},
  archivePrefix = {arXiv},
  eprint    = {1808.01340},
  timestamp = {Sun, 02 Sep 2018 15:01:55 +0200},
  biburl    = {https://dblp.org/rec/bib/journals/corr/abs-1808-01340},
  bibsource = {dblp computer science bibliography, https://dblp.org}
}
@article{carreira2019short,
  author    = {Jo{\~{a}}o Carreira and
               Eric Noland and
               Chloe Hillier and
               Andrew Zisserman},
  title     = {A Short Note on the Kinetics-700 Human Action Dataset},
  journal   = {CoRR},
  volume    = {abs/1907.06987},
  year      = {2019},
  url       = {http://arxiv.org/abs/1907.06987},
  archivePrefix = {arXiv},
  eprint    = {1907.06987},
  timestamp = {Tue, 23 Jul 2019 10:54:22 +0200},
  biburl    = {https://dblp.org/rec/bib/journals/corr/abs-1907-06987},
  bibsource = {dblp computer science bibliography, https://dblp.org}
}


@article{massey1951kolmogorov,
  title={The Kolmogorov-Smirnov test for goodness of fit},
  author={Massey Jr, Frank J},
  journal={Journal of the American statistical Association},
  volume={46},
  number={253},
  pages={68--78},
  year={1951},
  publisher={Taylor \& Francis}
}

@inproceedings{xarchakos,
  author    = {Ioannis Xarchakos and Nick Koudas},
  title     = {Querying For Interactions},
  booktitle = {Submitted for publication},
  year      = {2020}
}


% interaction
@article{kolesnikov2019detecting,
  author    = {Alexander Kolesnikov and
               Christoph H. Lampert and
               Vittorio Ferrari},
  title     = {Detecting Visual Relationships Using Box Attention},
  journal   = {CoRR},
  volume    = {abs/1807.02136},
  year      = {2018},
  url       = {http://arxiv.org/abs/1807.02136},
  archivePrefix = {arXiv},
  eprint    = {1807.02136},
  timestamp = {Mon, 13 Aug 2018 16:48:55 +0200},
  biburl    = {https://dblp.org/rec/bib/journals/corr/abs-1807-02136},
  bibsource = {dblp computer science bibliography, https://dblp.org}
}
@article{ma2017grounded,
  author    = {Chih{-}Yao Ma and
               Asim Kadav and
               Iain Melvin and
               Zsolt Kira and
               Ghassan AlRegib and
               Hans Peter Graf},
  title     = {Grounded Objects and Interactions for Video Captioning},
  journal   = {CoRR},
  volume    = {abs/1711.06354},
  year      = {2017},
  url       = {http://arxiv.org/abs/1711.06354},
  archivePrefix = {arXiv},
  eprint    = {1711.06354},
  timestamp = {Mon, 13 Aug 2018 16:49:14 +0200},
  biburl    = {https://dblp.org/rec/bib/journals/corr/abs-1711-06354},
  bibsource = {dblp computer science bibliography, https://dblp.org}
}
@article{ulutan2018actor,
  author    = {Oytun Ulutan and
               Swati Rallapalli and
               Mudhakar Srivatsa and
               B. S. Manjunath},
  title     = {Actor Conditioned Attention Maps for Video Action Detection},
  journal   = {CoRR},
  volume    = {abs/1812.11631},
  year      = {2018},
  url       = {http://arxiv.org/abs/1812.11631},
  archivePrefix = {arXiv},
  eprint    = {1812.11631},
  timestamp = {Wed, 02 Jan 2019 14:40:18 +0100},
  biburl    = {https://dblp.org/rec/bib/journals/corr/abs-1812-11631},
  bibsource = {dblp computer science bibliography, https://dblp.org}
}
@article{stergiou2018understanding,
  author    = {Alexandros Stergiou and
               Ronald Poppe},
  title     = {Understanding human-human interactions: a survey},
  journal   = {CoRR},
  volume    = {abs/1808.00022},
  year      = {2018},
  url       = {http://arxiv.org/abs/1808.00022},
  archivePrefix = {arXiv},
  eprint    = {1808.00022},
  timestamp = {Sun, 02 Sep 2018 15:01:55 +0200},
  biburl    = {https://dblp.org/rec/bib/journals/corr/abs-1808-00022},
  bibsource = {dblp computer science bibliography, https://dblp.org}
}

